<?xml version="1.0" encoding="UTF-8"?>
<collection xmlns:xsi="http://www.w3.org/2001/XMLSchema-instance" xsi:schemaLocation="http://www.loc.gov/MARC21/slim http://www.loc.gov/standards/marcxml/schema/MARC21slim.xsd" xmlns="http://www.loc.gov/MARC21/slim">
<record>
  <leader>02325cam a2200433Ma 4500</leader>
  <controlfield tag="001">3368369</controlfield>
  <controlfield tag="003">NNC</controlfield>
  <controlfield tag="005">20141208103328.0</controlfield>
  <controlfield tag="008">890407s1964    ir a          001 0 araod</controlfield>
  <datafield tag="035" ind1=" " ind2=" ">
    <subfield code="a">(OCoLC)ocm19821315</subfield>
  </datafield>
  <datafield tag="040" ind1=" " ind2=" ">
    <subfield code="a">CGU</subfield>
    <subfield code="b">eng</subfield>
    <subfield code="c">CGU</subfield>
    <subfield code="d">OCL</subfield>
    <subfield code="d">OCLCG</subfield>
    <subfield code="d">CUY</subfield>
    <subfield code="d">OCLCQ</subfield>
    <subfield code="d">OCLCF</subfield>
  </datafield>
  <datafield tag="019" ind1=" " ind2=" ">
    <subfield code="a">25461264</subfield>
  </datafield>
  <datafield tag="035" ind1=" " ind2=" ">
    <subfield code="a">(OCoLC)19821315</subfield>
    <subfield code="z">(OCoLC)25461264</subfield>
  </datafield>
  <datafield tag="041" ind1="0" ind2=" ">
    <subfield code="a">araper</subfield>
  </datafield>
  <datafield tag="050" ind1=" " ind2="4">
    <subfield code="a">QD25</subfield>
    <subfield code="b">.R35 1964</subfield>
  </datafield>
  <datafield tag="049" ind1=" " ind2=" ">
    <subfield code="a">ZCUA</subfield>
  </datafield>
  <datafield tag="100" ind1="1" ind2=" ">
    <subfield code="6">880-01</subfield>
    <subfield code="a">Rāzī, Abū Bakr Muḥammad ibn Zakarīyā,</subfield>
    <subfield code="d">865?-925?</subfield>
  </datafield>
  <datafield tag="245" ind1="1" ind2="0">
    <subfield code="6">880-02</subfield>
    <subfield code="a">Kitāb al-asrār wa sirr al-asrār /</subfield>
    <subfield code="c">li-Abī Bakr Muḥammad ibn Zakarīyā ibn Yaḥyā al-Rāzī. Bā Tajārib-i shahriyārī / Shahriyār Bahmanyār Pārsī ; bi-kūshish-i Muḥammad Taqī Dānishʹpazhūh.</subfield>
  </datafield>
  <datafield tag="246" ind1="3" ind2=" ">
    <subfield code="a">Asrār wa sirr al-asrār</subfield>
  </datafield>
  <datafield tag="260" ind1=" " ind2=" ">
    <subfield code="a">[Tehran] :</subfield>
    <subfield code="b">Kumīsiyūn-i Millī-i Yūniskū dat Īrān,</subfield>
    <subfield code="c">1343 [1964]</subfield>
  </datafield>
  <datafield tag="300" ind1=" " ind2=" ">
    <subfield code="a">128, 3 pages :</subfield>
    <subfield code="b">illustrations ;</subfield>
    <subfield code="c">25 cm</subfield>
  </datafield>
  <datafield tag="336" ind1=" " ind2=" ">
    <subfield code="a">text</subfield>
    <subfield code="b">txt</subfield>
    <subfield code="2">rdacontent</subfield>
  </datafield>
  <datafield tag="337" ind1=" " ind2=" ">
    <subfield code="a">unmediated</subfield>
    <subfield code="b">n</subfield>
    <subfield code="2">rdamedia</subfield>
  </datafield>
  <datafield tag="338" ind1=" " ind2=" ">
    <subfield code="a">volume</subfield>
    <subfield code="b">nc</subfield>
    <subfield code="2">rdacarrier</subfield>
  </datafield>
  <datafield tag="500" ind1=" " ind2=" ">
    <subfield code="a">Rāzī's text in Arabic, Pārsī's text in Persian.</subfield>
  </datafield>
  <datafield tag="500" ind1=" " ind2=" ">
    <subfield code="a">Title on added t.p.: Al-Asrār &amp; sirr-al-asrār.</subfield>
  </datafield>
  <datafield tag="500" ind1=" " ind2=" ">
    <subfield code="a">Includes indexes.</subfield>
  </datafield>
  <datafield tag="650" ind1=" " ind2="0">
    <subfield code="a">Alchemy</subfield>
    <subfield code="v">Early works to 1800.</subfield>
  </datafield>
  <datafield tag="650" ind1=" " ind2="7">
    <subfield code="a">Alchemy.</subfield>
    <subfield code="2">fast</subfield>
    <subfield code="0">(OCoLC)fst00804245</subfield>
  </datafield>
  <datafield tag="655" ind1=" " ind2="7">
    <subfield code="a">Early works.</subfield>
    <subfield code="2">fast</subfield>
    <subfield code="0">(OCoLC)fst01411636</subfield>
  </datafield>
  <datafield tag="700" ind1="1" ind2=" ">
    <subfield code="6">880-03</subfield>
    <subfield code="a">Dānishʹpazhūh, Muḥammad Taqī.</subfield>
  </datafield>
  <datafield tag="700" ind1="1" ind2=" ">
    <subfield code="a">Pārsī, Shahriyār Bahmanyār,</subfield>
    <subfield code="d">active 8th or 9th century.</subfield>
    <subfield code="t">Tajārib-i shahriyārī.</subfield>
  </datafield>
  <datafield tag="776" ind1="0" ind2="8">
    <subfield code="i">Online version:</subfield>
    <subfield code="a">Rāzī, Abū Bakr Muḥammad ibn Zakarīyā, 865?-925?</subfield>
    <subfield code="t">Kitāb al-asrār wa sirr al-asrār.</subfield>
    <subfield code="d">[Tehran] : Kumīsiyūn-i Millī-i Yūniskū dat Īrān, 1343 [1964]</subfield>
    <subfield code="w">(OCoLC)610026589</subfield>
  </datafield>
  <datafield tag="880" ind1="0" ind2=" ">
    <subfield code="6">100-01/r</subfield>
    <subfield code="a">أبو بكر محمد بن زكريا بن يحيى الرازى.</subfield>
  </datafield>
  <datafield tag="880" ind1="1" ind2="0">
    <subfield code="6">240-00/r</subfield>
    <subfield code="a">أسرار</subfield>
  </datafield>
  <datafield tag="880" ind1="1" ind2="0">
    <subfield code="6">245-02/r</subfield>
    <subfield code="a">كتاب الأسرار ؛ وسر الأسرار /</subfield>
    <subfield code="c">لأبي بكر محمد بن زكريا بن يحيى الرازى. تجارب شهريارى / شهريار بهمنيار پارسى ؛ بكشش محمد تقى دانش پژوه.</subfield>
  </datafield>
  <datafield tag="880" ind1=" " ind2=" ">
    <subfield code="6">260-00/r</subfield>
    <subfield code="a">تهران :</subfield>
    <subfield code="b">يونيسكو ايران،</subfield>
    <subfield code="c">١٣٤٣.</subfield>
  </datafield>
  <datafield tag="880" ind1="0" ind2=" ">
    <subfield code="6">700-03/r</subfield>
    <subfield code="a">محمد تقى دانش پژوه.</subfield>
  </datafield>
  <datafield tag="955" ind1=" " ind2=" ">
    <subfield code="b">0022034048</subfield>
    <subfield code="d">glx</subfield>
    <subfield code="e">893.7195 R2194</subfield>
  </datafield>
</record>
</collection>